<record xmlns="http://www.loc.gov/MARC21/slim" xmlns:xsi="http://www.w3.org/2001/XMLSchema-instance" xsi:schemaLocation="http://www.loc.gov/MARC21/slim http://www.loc.gov/standards/marcxml/schema/MARC21slim.xsd"><leader>00682cz   2200181n  4500</leader><controlfield tag="001">oca00909305 </controlfield><controlfield tag="005">19950608060058.5</controlfield><controlfield tag="008">830318n| acannaab|          |a aaa      </controlfield><datafield ind1=" " ind2=" " tag="010"><subfield code="a">n  83015407 </subfield></datafield><datafield ind1=" " ind2=" " tag="040"><subfield code="a">DLC</subfield><subfield code="c">DLC</subfield><subfield code="d">DLC</subfield><subfield code="d">NjP</subfield></datafield><datafield ind1="0" ind2=" " tag="100"><subfield code="a">Anacreon</subfield></datafield><datafield ind1="0" ind2=" " tag="400"><subfield code="a">Anakreon TiiÌ&#x86;skiiÌ&#x86;</subfield></datafield><datafield ind1="0" ind2=" " tag="400"><subfield code="a">Anakreont</subfield></datafield><datafield ind1="0" ind2=" " tag="400"><subfield code="a">Anacreonte</subfield></datafield><datafield ind1="0" ind2=" " tag="400"><subfield code="a">AnakreoÌ&#x84;n</subfield></datafield><datafield ind1=" " ind2=" " tag="667"><subfield code="a">Most of Anacreon's work is extant only in fragments. The longer pieces attributed to him are apt to belong under the heading Anacreontea.</subfield></datafield><datafield ind1=" " ind2=" " tag="670"><subfield code="a">Randone, G. Anacreonte a l'anacreontismo, 1973:</subfield><subfield code="b">t.p. (Anacreonte)</subfield></datafield><datafield ind1=" " ind2=" " tag="670"><subfield code="a">AnakreoÌ&#x84;n kai Anakreonteia, 1974:</subfield><subfield code="b">p. 7 (b. ca. 560 B.C. in the Ionian town TeoÌ&#x84;; poet)</subfield></datafield></record>